<record><leader>00000cas a22000007a 4500</leader><controlfield tag="001">13001196</controlfield><controlfield tag="008">860110d19531954wvuwr ne      0    0eng d</controlfield><datafield ind1=" " ind2=" " tag="010"><subfield code="a">sn 86092002 </subfield></datafield><datafield ind1=" " ind2=" " tag="040"><subfield code="a">WVC</subfield><subfield code="b">eng</subfield><subfield code="c">WVC</subfield><subfield code="d">OCL</subfield><subfield code="d">OCLCQ</subfield></datafield><datafield ind1=" " ind2=" " tag="042"><subfield code="a">msc</subfield></datafield><datafield ind1="0" ind2=" " tag="130"><subfield code="a">Lincoln County news (Hamlin, W. Va.)</subfield></datafield><datafield ind1="1" ind2="4" tag="245"><subfield code="a">The Lincoln County news.</subfield></datafield><datafield ind1=" " ind2=" " tag="260"><subfield code="a">Hamlin, W. Va. :</subfield><subfield code="b">Roscoe Spence,</subfield><subfield code="c">1953-</subfield></datafield><datafield ind1=" " ind2=" " tag="300"><subfield code="a">v.</subfield></datafield><datafield ind1=" " ind2=" " tag="310"><subfield code="a">Weekly</subfield></datafield><datafield ind1="0" ind2=" " tag="362"><subfield code="a">Vol. 1, no. 1 (Feb. 5, 1953)=old ser. vol. 36, no. 43-</subfield></datafield><datafield ind1="1" ind2=" " tag="362"><subfield code="a">Ceased in 1954.</subfield></datafield><datafield ind1=" " ind2=" " tag="500"><subfield code="a">"Democratic."</subfield></datafield><datafield ind1=" " ind2=" " tag="515"><subfield code="a">Publication suspended from Aug., 1952-Jan., 1953, while owner, Rose Taylor tried to find a hard-core democratic buyer.</subfield></datafield><datafield ind1=" " ind2=" " tag="752"><subfield code="a">United States</subfield><subfield code="b">West Virginia</subfield><subfield code="c">Lincoln</subfield><subfield code="d">Hamlin.</subfield></datafield><datafield ind1="0" ind2="0" tag="780"><subfield code="t">Hamlin democrat (Hamlin, W. Va. : 1929)</subfield><subfield code="w">(DLC)sn 86092001</subfield></datafield><datafield ind1="0" ind2="0" tag="785"><subfield code="t">Hamlin democrat (Hamlin, W. Va. : 1954)</subfield><subfield code="w">(DLC)sn 86092003</subfield></datafield></record>